@article{
Marbell2011,
Author = {Stanley-Marbell, Phillip, Victoria Caparros Cabezas, and Ronald Luijten.},
Title = {Pinned to the walls: impact of packaging and application properties on the memory and power walls.},
Journal = {Proceedings of the 17th IEEE/ACM international symposium on Low-power electronics and design.},
Volume = {50},
Pages = {51-56},
Year = {2011} }

@article{
Chang2010,
Author = {L Chang, D Frank, R Montoye, S Koester, B Ji, P Coteus, R Dennard, and W Haensch.},
Title = {Practical strategies for power-efficient computing technologies.},
Journal = {Proceedings of the IEEE 98.2.},
Pages = {215-236},
Year = {2010} }

@article{
Dennard1974,
Author = {Dennard, Robert H., Fritz H. Gaensslen, V. Leo Rideout, Ernest Bassous, and Andre R. LeBlanc.},
Title = {Design of ion-implanted MOSFET's with very small physical dimensions.},
Journal = {Solid-State Circuits, IEEE Journal of 9.5},
Pages = {256-268},
Year = {1974} }

@article{
Kurson2003,
Author = {Kursun, Volkan, Siva G. Narendra, Vivek K. De, and Eby G. Friedman.},
Title = {Analysis of buck converters for on-chip integration with a dual supply voltage microprocessor.},
Journal = {Very Large Scale Integration (VLSI) Systems, IEEE Transactions on 11.3},
Pages = {514-522},
Year = {2003} }

@article{
Sturcken2012,
Author = {Sturcken, Noah, Eugene O'Sullivan, Naigang Wang, Philipp Herget, Bucknell Webb, Lubomyr Romankiw, Michele Petracca... and K Shepard},
Title = {A 2.5 D integrated voltage regulator using coupled-magnetic-core inductors on silicon interposer delivering 10.8 A/mm 2.},
Journal = {Solid-State Circuits Conference Digest of Technical Papers (ISSCC), 2012 IEEE International},
Pages = {400-402},
Year = {2012} }

@article{
Ramadass2007,
Author = {Ramadass, Yogesh K., and Anantha P. Chandrakasan},
Title = {Voltage scalable switched capacitor DC-DC converter for ultra-low-power on-chip applications.},
Journal = {Power Electronics Specialists Conference},
Year = {2007} }

@article{
Intel2010,
Author = {Ted-DiBenne II, J, Morrow P R, Park M C, Koertzen W, Peng Zou, Thenus Fenardi, Li Xiaobei, Montgomery Stephen W, Sanford Ed, Fite Robert, and Fischer Paul.},
Title = {A 400 Amp fully Integrated Silicon Voltage Regulator with in-die magnetically coupled embedded inductors.},
Journal = {APEC—Special Presentation},
Year = {2010} }

@article{
Alghamdi2012,
Author = {Alghamdi, Mohammad K., and Anas A. Hamoui.},
Title = {A spurious-free switching buck converter achieving enhanced light-load efficiency by using a-modulator controller with a scalable sampling frequency.},
Journal = {Solid-State Circuits, IEEE Journal of 47.4},
Pages = {841-851},
Year = {2012} }

@article{
Damak2013,
Author = {El-Damak, Dina, Saurav Bandyopadhyay, and Anantha P. Chandrakasan.},
Title = {A 93% efficiency reconfigurable switched-capacitor DC-DC converter using on-chip ferroelectric capacitors.},
Journal = {Solid-State Circuits Conference Digest of Technical Papers (ISSCC)},
Pages = {374-375},
Year = {2013}
}

@article{
Cheng2013,
Author = {Huang, Cheng, and Philip KT Mok.},
Title = {An 84.7% efficiency 100-MHz package bondwire-based fully integrated buck converter with precise DCM operation and enhanced light-load efficiency.},
Journal = {Solid-State Circuits Conference Digest of Technical Papers (ISSCC)},
Pages = {1-13},
Year = {2013}
}

@article{
Seeman2008,
Author = {Seeman, Michael D., and Seth R. Sanders.},
Title = {Analysis and optimization of switched-capacitor DC–DC converters.},
Journal = { Power Electronics, IEEE Transactions on 23.2},
Pages = {841-851},
Year = {2008}
}

@article{
Sanders2010,
Author = {Seeman, Michael D., Vincent W. Ng, Hanh-Phuc Le, Mervin John, Elad Alon, and Seth R. Sanders.},
Title = {A comparative analysis of switched-capacitor and inductor-based dc-dc conversion technologies.},
Journal = {Control and Modeling for Power Electronics (COMPEL), 2010 IEEE 12th Workshop on},
Pages = {1-7},
Year = {2010}
}

@article{
Viraj2007,
Author = {Viraj, A. K. P., and G. A. J. Amaratunga.},
Title = {A monolithic cmos 5v/1v switched capacitor dc-dc step-down converter.},
Journal = {Power Electronics Specialists Conference, 2007. PESC 2007. IEEE},
Pages = {2510-2514},
Year = {2007}
}

@article{
Alimadadi2008,
Author = {Alimadadi, Mehdi, Samad Sheikhaei, Guy Lemieux, Patrick Palmer, Shahriar Mirabbasi, and William Dunford.},
Title = {A 660MHz ZVS DC-DC converter using gate-driver charge-recycling in 0.18μm CMOS with an Integrated Output Filter},
Journal = {Power Electronics Specialists Conference, 2008. PESC 2008. IEEE},
Pages = {140-146},
Year = {2008}
}

@article{
Iwai2009,
Author = {Iwai, Hiroshi.},
Title = {Roadmap for 22nm and beyond},
Journal = {Microelectronic Engineering 86.7},
pages = {1520-1528},
Year = {2009}
}

@article{
Andreou1999,
Author = {Andreou, Andreas G., and Edgar Sánchez-Sinencio.},
Title = {Low-Voltage/low-power Integrated circuits and systems.},
Journal = {IEE},
year = {1999}
}

@article{
Samavati2008,
Author = {Samavati, Hirad, Ali Hajimiri, Arvin R. Shahani, Gitty N. Nasserbakht, and Thomas H. Lee},
Title = {Fractal capacitors.},
Journal = { Solid-State Circuits, IEEE Journal of 33.12},
pages = {2035-2041},
year = {1998}
}

@article{
Hyunseok2012,
Author = {Nam, Hyunseok, Youngkook Ahn, and Jeongjin Roh},
Title = {5-V buck converter using 3.3-V standard CMOS process with adaptive power transistor driver increasing efficiency and maximum load capacity.},
Journal = {Power Electronics, IEEE Transactions on 27.1},
pages = {463-471},
year = {2012}
}

@article{
Bathily2012,
Author = {Bathily, Malal, Bruno Allard, and Frédéric Hasbani},
Title = {A 200-MHz integrated buck converter with resonant gate drivers for an RF power amplifier},
Journal = {Power Electronics, IEEE Transactions on 27.2},
pages = {610-613},
year = {2012}

}

@article{
Hower2005,
Author = {Hower, Philip L., and Sameer Pendharkar},
Title = {Short and long-term safe operating area considerations in LDMOS transistors},
Journal = {Reliability Physics Symposium, 2005. Proceedings. 43rd Annual. 2005 IEEE International},
pages = {545-550},
year = {2005}
}

@article{
Alamo2009,
Author = {del Alamo, Jesús A., and Jungwoo Joh},
Title = {GaN HEMT reliability},
Journal = {Microelectronics reliability 49.9},
pages = {1200-1206},
year = {2009}
}

@article{
Mustapha2008,
Author = {Faqir, Mustapha, Giovanni Verzellesi, Alessandro Chini, Fausto Fantini, Francesca Danesin, Gaudenzio Meneghesso, Enrico Zanoni, and Christian Dua},
Title = {Mechanisms of RF current collapse in AlGaN–GaN high electron mobility transistors},
Journal = {Device and Materials Reliability, IEEE Transactions on 8.2},
pages = {240-247},
year = {2008}
}

@article{
Goyal2013,
Author = {Goyal, Nitin},
Title = {Design and Modeling of High-Power Semiconductor Devices with Emphasis on AlGaN/GaN HEMTs},
year = {2013}
}

@article{
Krausse2013,
Author = {Krauße, Daniel},
Title = {High Power AlGaN, GaN HFETs for Industrial, Scientific and Medical Applications},
Journal = {Diss. Universitätsbibliothek Freiburg},
year = {2013}
}

@article{
Kwong2009,
Author = {Kwong, Joyce, Yogesh K. Ramadass, Naveen Verma, and Anantha P. Chandrakasan},
Title = {A 65 nm sub-microcontroller with integrated SRAM and switched capacitor DC-DC converter},
Journal = {Solid-State Circuits, IEEE Journal of 44.1},
pages = {115-126},
year = {2009}
}

@article{
Phuck2010,
Author = {Le, H.-P. Seeman, M. ; Sanders, S.R. ; Sathe, V. ; Naffziger, S. ; Alon, E.},
Title = {A 32nm fully integrated reconfigurable switched-capacitor DC-DC converter delivering 0.55W/mm2 at 81% efficiency},
Journal = {Solid-State Circuits Conference Digest of Technical Papers (ISSCC), 2010 IEEE International},
pages = {210-211},
year = {2010}
}

@article{
Robertson2004,
Author = {Robertson, J},
Title = {High dielectric constant oxides},
Journal = {The European physical journal applied physics 28.03},
pages = {265-291},
year = {2004}
}

@article{
Johari2009,
Author = {Johari, Houri, and Farrokh Ayazi},
Title = {High-density embedded deep trench capacitors in silicon with enhanced breakdown voltage},
Journal = {Components and Packaging Technologies, IEEE Transactions on 32.4},
pages = {808-815},
year = {2009}
}

@article{
Lee2004,
Author = {Lee, Sangkyu, Ungyu Paik, Vincent A. Hackley, Yeon-Gil Jung, and Kyung-Jin Yoon},
Title = {Microstructure and permittivity of sintered BaTiO 3 : influence
of particle surface chemistry in an aqueous medium},
Journal = {Materials research bulletin 39.1},
pages = {93-102},
year = {2004}
}

@article{
Meere2009,
Author = {Meere, Ronan, Terence O'Donnell, Henk Jan Bergveld, Ningning Wang, and Seán Cian O'Mathuna},
Title = {Analysis of microinductor performance in a 20-100 MHz dc/dc converter},
Journal = {Power Electronics, IEEE Transactions on 24.9},
pages = {2212-2218},
year = {2009}
}

@article{
Artillan2011,
Author = {Artillan, Philippe, Magali Brunet, David Bourrier, J-P. Laur, Nicolas Mauran, Laurent Bary, Monique Dilhan, Bruno Estibals, Corinne Alonso, and J. L. Sanchez},
Title = {Integrated LC filter on silicon for dc–dc converter applications},
Journal = {Power Electronics, IEEE Transactions on 26.8},
pages = {2319-2325},
year = {2011}
}

@article{
Ahn2012,
Author = {Ahn, Youngkook, Hyunseok Nam, and Jeongjin Roh},
Title = {A 50-MHz fully integrated low-swing buck converter using packaging inductors},
Journal = {Power Electronics, IEEE Transactions on 27.10},
pages = { 4347-4356},
year = {2012}
}

@article{
Wens2007,
Author = {Wens, Mike, Koen Cornelissens, and Michiel Steyaert},
Title = {A fully-integrated 0.18µm CMOS DC-DC step-up converter, using a bondwire spiral inductor},
Journal = {Solid State Circuits Conference, 2007. ESSCIRC 2007. 33rd European. IEEE},
pages = {268-271},
year = {2007}
}

@article{
Hongwei2011,
Author = {Jia, Hongwei, Jian Lu, Xuexin Wang, Karthik Padmanabhan, and Z. John Shen},
Title = {Integration of a monolithic buck converter power IC and bondwire inductors with ferrite epoxy glob cores},
Journal = {Power Electronics, IEEE Transactions on 26.6},
pages = {1627-1630},
year = {2011}
}

@article{
OSulivan2013,
Author = {O'Sullivan, Eugene J., et al},
Title = {(Invited) Developments in Integrated On-Chip Inductors with Magnetic Yokes},
Journal = {ECS Transactions 50.10},
pages = {93-105},
year = {2013}
}

@article{
Sturcken2013,
Author = {Sturcken, Noah, Eugene J. O'Sullivan, Naigang Wang, Philipp Herget, Bucknell C. Webb, Lubomyr T. Romankiw, Michele Petracca et al},
Title = {A 2.5 D Integrated Voltage Regulator Using Coupled-Magnetic-Core Inductors on Silicon Interposer},
Journal = {Solid-State Circuits, IEEE Journal of 48.1},
pages = {244-254},
year = {2013}
}

@ONLINE{
MaximLDO,
titel = {Linear Regulators in Portable Applications}
}

@book{
Kurson2006,
  author      = {Kurson, V., Freidman E},
  title       = {Multi-voltage CMOS circuit design.},
  booktitle   = {Multi-voltage CMOS circuit design.},
  publisher   = {John Wiley and Sons},
  address     = {Chichester},
  year        = {2006}	}

@article{
Example,
Author = {Mike},
Title = {poop},
Journal = {IEEE poop journal},
Volume = {1},
Pages = {1-2},
Year = {1985} }
